@article{sethares1999periodicity,
  title={Periodicity transforms},
  author={Sethares, William A and Staley, Thomas W},
  journal={IEEE transactions on Signal Processing},
  volume={47},
  number={11},
  pages={2953--2964},
  year={1999},
  publisher={IEEE}
}

@article{sethares2001meter,
  title={Meter and periodicity in musical performance},
  author={Sethares, William A and Staley, Thomas W},
  journal={Journal of New Music Research},
  volume={30},
  number={2},
  pages={149--158},
  year={2001},
  publisher={Taylor \& Francis}
}

@inproceedings{arora2007detection,
  title={Detection of periodicities in gene sequences: a maximum likelihood approach},
  author={Arora, Raman and Sethares, William A},
  booktitle={2007 IEEE International Workshop on Genomic Signal Processing and Statistics},
  pages={1--4},
  year={2007},
  organization={IEEE}
}

@incollection{buccheri1985time,
  title={Time Analysis in Astronomy: Tools for Periodicity Searches},
  author={Buccheri, Rosolino and Sacco, Bruno},
  booktitle={Data Analysis in Astronomy},
  pages={15--27},
  year={1985},
  publisher={Springer}
}

@article{muresan2003orthogonal,
  title={Orthogonal, exactly periodic subspace decomposition},
  author={Muresan, D Darian and Parks, Thomas W},
  journal={IEEE Transactions on Signal Processing},
  volume={51},
  number={9},
  pages={2270--2279},
  year={2003},
  publisher={IEEE}
}

@article{vaidyanathan2020srinivasa,
  title={Srinivasa Ramanujan and signal-processing problems},
  author={Vaidyanathan, Palghat P and Tenneti, Srikanth},
  journal={Philosophical Transactions of the Royal Society A},
  volume={378},
  number={2163},
  pages={20180446},
  year={2020},
  publisher={The Royal Society Publishing}
}

@inproceedings{nakashizuka2007sparse,
  title={A sparse decomposition for periodic signal mixtures},
  author={Nakashizuka, Makoto},
  booktitle={2007 15th International Conference on Digital Signal Processing},
  pages={627--630},
  year={2007},
  organization={IEEE}
}

@book{luenberger1997optimization,
  title={Optimization by vector space methods},
  author={Luenberger, David G},
  year={1997},
  publisher={John Wiley \& Sons}
}

@misc{dodge2010,
  author  = {Dodge, Charles},
  title   = {Speech Song IV: The Days are Ahead},
  year    = {2010},
  address = {New York City, New York},
  note    = { Released on CD with New World Records. Catalog Number NWCRL348. Originally recorded 1976.},
}

@article{thiede2000peaq,
  title={PEAQ-The ITU standard for objective measurement of perceived audio quality},
  author={Thiede, Thilo and Treurniet, William C and Bitto, Roland and Schmidmer, Christian and Sporer, Thomas and Beerends, John G and Colomes, Catherine},
  journal={Journal of the Audio Engineering Society},
  volume={48},
  number={1/2},
  pages={3--29},
  year={2000},
  publisher={Audio Engineering Society}
}

@inproceedings{tenneti2015ramanujan,
  title={Ramanujan filter banks for estimation and tracking of periodicities},
  author={Tenneti, Srikanth V and Vaidyanathan, PP},
  booktitle={2015 IEEE International Conference on Acoustics, Speech and Signal Processing (ICASSP)},
  pages={3851--3855},
  year={2015},
  organization={IEEE}
}

@INPROCEEDINGS{signalDenoisingRamanujan,
  author={Mariam Solomon, Alin and Abraham, Deepa and George, Annie and Manuel, Manju},
  booktitle={2018 2nd International Conference on Trends in Electronics and Informatics (ICOEI)},
  title={Signal Denoising Using Ramanujan Periodic Transform},
  year={2018},
  volume={},
  number={},
  pages={51-56},
  doi={10.1109/ICOEI.2018.8553897}}

  @article{wise1976maximum,
    title={Maximum likelihood pitch estimation},
    author={Wise, JCJD and Caprio, J and Parks, T},
    journal={IEEE Transactions on Acoustics, Speech, and Signal Processing},
    volume={24},
    number={5},
    pages={418--423},
    year={1976},
    publisher={IEEE}
  }
